<record><leader>00000cas a22000007a 4500</leader><controlfield tag="001">19888791</controlfield><controlfield tag="008">890619d18661868gauwr ne      0    0eng d</controlfield><datafield ind1=" " ind2=" " tag="010"><subfield code="a">sn 89053286 </subfield></datafield><datafield ind1=" " ind2=" " tag="040"><subfield code="a">NLG</subfield><subfield code="b">eng</subfield><subfield code="c">NLG</subfield><subfield code="d">GUA</subfield><subfield code="d">OCLCQ</subfield><subfield code="d">OCLCO</subfield><subfield code="d">OCLCF</subfield></datafield><datafield ind1="1" ind2=" " tag="029"><subfield code="a">AU@</subfield><subfield code="b">000026395426</subfield></datafield><datafield ind1=" " ind2=" " tag="042"><subfield code="a">msc</subfield></datafield><datafield ind1=" " ind2=" " tag="043"><subfield code="a">n-us-ga</subfield></datafield><datafield ind1="0" ind2=" " tag="130"><subfield code="a">Dawson journal (Dawson, Ga. : 1866)</subfield></datafield><datafield ind1="1" ind2="4" tag="245"><subfield code="a">The Dawson journal.</subfield></datafield><datafield ind1=" " ind2=" " tag="260"><subfield code="a">Dawson, Ga. :</subfield><subfield code="b">E. &amp; J.E. Christian,</subfield><subfield code="c">[1866-1868]</subfield></datafield><datafield ind1=" " ind2=" " tag="300"><subfield code="a">v.</subfield></datafield><datafield ind1=" " ind2=" " tag="310"><subfield code="a">Weekly</subfield></datafield><datafield ind1="0" ind2=" " tag="362"><subfield code="a">Vol. 1, no. 43 (Dec. 7, 1866)-v. 3, no. 26 (Aug. 6, 1868).</subfield></datafield><datafield ind1=" " ind2=" " tag="530"><subfield code="a">Also on microfilm: Athens, Ga. : University of Georgia Libraries.</subfield></datafield><datafield ind1=" " ind2="0" tag="651"><subfield code="a">Dawson (Ga.)</subfield><subfield code="v">Newspapers.</subfield></datafield><datafield ind1=" " ind2="0" tag="651"><subfield code="a">Terrell County (Ga.)</subfield><subfield code="v">Newspapers.</subfield></datafield><datafield ind1=" " ind2="7" tag="655"><subfield code="a">Newspapers.</subfield><subfield code="2">fast</subfield><subfield code="0">(OCoLC)fst01423814</subfield></datafield><datafield ind1=" " ind2="7" tag="651"><subfield code="a">Georgia</subfield><subfield code="z">Dawson.</subfield><subfield code="2">fast</subfield><subfield code="0">(OCoLC)fst01234966</subfield></datafield><datafield ind1=" " ind2="7" tag="651"><subfield code="a">Georgia</subfield><subfield code="z">Terrell County.</subfield><subfield code="2">fast</subfield><subfield code="0">(OCoLC)fst01210901</subfield></datafield><datafield ind1=" " ind2=" " tag="752"><subfield code="a">United States</subfield><subfield code="b">Georgia</subfield><subfield code="c">Terrell</subfield><subfield code="d">Dawson.</subfield></datafield><datafield ind1="0" ind2="0" tag="780"><subfield code="t">Dawson weekly journal (Dawson, Ga. : 1866)</subfield><subfield code="w">(DLC)sn 85027068</subfield><subfield code="w">(OCoLC)12950633</subfield></datafield><datafield ind1="0" ind2="0" tag="785"><subfield code="t">Dawson weekly journal (Dawson, Ga. : 1868)</subfield><subfield code="w">(DLC)sn 89053285</subfield><subfield code="w">(OCoLC)19888783</subfield></datafield></record>